%% This BibTeX bibliography file was created using BibDesk.
%% http://bibdesk.sourceforge.net/


%% Created for Adrian Price-Whelan at 2017-09-14 11:49:18 -0400 


%% Saved with string encoding Unicode (UTF-8) 



@book{Hairer:1993,
	Address = {Berlin},
	Author = {Hairer, E. and N{\o}rsett, S. P. and Wanner, G.},
	Date-Added = {2017-09-14 15:49:16 +0000},
	Date-Modified = {2017-09-14 15:49:17 +0000},
	Edition = {2nd},
	Isbn = {3-540-56670-8},
	Mrclass = {65-02 (34A50 65L99)},
	Mrnumber = {MR1227985 (94c:65005)},
	Note = {A reprinting with corrections appeared in 2000.},
	Pages = {xvi+528},
	Publisher = {Springer-Verlag},
	Series = {Springer Series in Computational Mathematics},
	Title = {Solving Ordinary Differential Equations. {I}. Nonstiff Problems},
	Volume = {8},
	Year = {1993},
	Zblno = {0789.65048}}

@article{Dormand:1980,
	Author = {J.R. Dormand and P.J. Prince},
	Date-Added = {2017-09-14 15:48:32 +0000},
	Date-Modified = {2017-09-14 15:48:34 +0000},
	Doi = {https://doi.org/10.1016/0771-050X(80)90013-3},
	Issn = {0377-0427},
	Journal = {Journal of Computational and Applied Mathematics},
	Number = {1},
	Pages = {19 - 26},
	Title = {A family of embedded Runge-Kutta formulae},
	Url = {http://www.sciencedirect.com/science/article/pii/0771050X80900133},
	Volume = {6},
	Year = {1980},
	Bdsk-Url-1 = {http://www.sciencedirect.com/science/article/pii/0771050X80900133},
	Bdsk-Url-2 = {https://doi.org/10.1016/0771-050X(80)90013-3}}

@article{Hernquist:1992,
	Adsnote = {Provided by the SAO/NASA Astrophysics Data System},
	Adsurl = {http://adsabs.harvard.edu/abs/1992ApJ...386..375H},
	Author = {{Hernquist}, L. and {Ostriker}, J.~P.},
	Date-Added = {2017-09-14 15:41:09 +0000},
	Date-Modified = {2017-09-14 15:41:10 +0000},
	Doi = {10.1086/171025},
	Journal = {\apj},
	Keywords = {Celestial Mechanics, Computational Astrophysics, Galaxies, Stellar Motions, Algorithms, Astronomical Models, Dynamical Systems, Numerical Analysis},
	Month = feb,
	Pages = {375-397},
	Title = {{A self-consistent field method for galactic dynamics}},
	Volume = 386,
	Year = 1992,
	Bdsk-Url-1 = {http://dx.doi.org/10.1086/171025}}

@article{Wang:2012,
	Adsnote = {Provided by the SAO/NASA Astrophysics Data System},
	Adsurl = {http://adsabs.harvard.edu/abs/2012MNRAS.427.1429W},
	Archiveprefix = {arXiv},
	Author = {{Wang}, Y. and {Zhao}, H. and {Mao}, S. and {Rich}, R.~M.},
	Date-Added = {2017-09-14 15:25:27 +0000},
	Date-Modified = {2017-09-14 15:25:28 +0000},
	Doi = {10.1111/j.1365-2966.2012.22063.x},
	Eprint = {1209.0963},
	Journal = {\mnras},
	Keywords = {Galaxy: bulge, Galaxy: centre, Galaxy: formation, Galaxy: kinematics and dynamics, Galaxy: nucleus, Galaxy: structure},
	Month = dec,
	Pages = {1429-1440},
	Title = {{A new model for the Milky Way bar}},
	Volume = 427,
	Year = 2012,
	Bdsk-Url-1 = {http://dx.doi.org/10.1111/j.1365-2966.2012.22063.x}}

@article{Kunder:2012,
	Adsnote = {Provided by the SAO/NASA Astrophysics Data System},
	Adsurl = {http://adsabs.harvard.edu/abs/2012AJ....143...57K},
	Archiveprefix = {arXiv},
	Author = {{Kunder}, A. and {Koch}, A. and {Rich}, R.~M. and {de Propris}, R. and {Howard}, C.~D. and {Stubbs}, S.~A. and {Johnson}, C.~I. and {Shen}, J. and {Wang}, Y. and {Robin}, A.~C. and {Kormendy}, J. and {Soto}, M. and {Frinchaboy}, P. and {Reitzel}, D.~B. and {Zhao}, H. and {Origlia}, L.},
	Date-Added = {2017-09-14 15:24:13 +0000},
	Date-Modified = {2017-09-14 15:24:14 +0000},
	Doi = {10.1088/0004-6256/143/3/57},
	Eid = {57},
	Eprint = {1112.1955},
	Journal = {\aj},
	Keywords = {Galaxy: center, stars: abundances, stars: distances, stars: Population II, surveys},
	Month = mar,
	Pages = {57},
	Primaryclass = {astro-ph.SR},
	Title = {{The Bulge Radial Velocity Assay (BRAVA). II. Complete Sample and Data Release}},
	Volume = 143,
	Year = 2012,
	Bdsk-Url-1 = {http://dx.doi.org/10.1088/0004-6256/143/3/57}}

@article{Dwek:1995,
	Adsnote = {Provided by the SAO/NASA Astrophysics Data System},
	Adsurl = {http://adsabs.harvard.edu/abs/1995ApJ...445..716D},
	Author = {{Dwek}, E. and {Arendt}, R.~G. and {Hauser}, M.~G. and {Kelsall}, T. and {Lisse}, C.~M. and {Moseley}, S.~H. and {Silverberg}, R.~F. and {Sodroski}, T.~J. and {Weiland}, J.~L.},
	Date-Added = {2017-09-14 15:20:46 +0000},
	Date-Modified = {2017-09-14 15:20:51 +0000},
	Doi = {10.1086/175734},
	Journal = {\apj},
	Keywords = {Cosmic Background Explorer Satellite, Galactic Bulge, Galactic Mass, Image Processing, Luminosity, Morphology, Near Infrared Radiation, Astronomical Models, Galactic Structure, Mapping, Star Distribution, Stellar Evolution},
	Month = jun,
	Pages = {716-730},
	Title = {{Morphology, near-infrared luminosity, and mass of the Galactic bulge from COBE DIRBE observations}},
	Volume = 445,
	Year = 1995,
	Bdsk-Url-1 = {http://dx.doi.org/10.1086/175734}}
